@article{Fagan_2019,
   title={Optimising Clifford Circuits with Quantomatic},
   volume={287},
   ISSN={2075-2180},
   url={http://dx.doi.org/10.4204/EPTCS.287.5},
   DOI={10.4204/eptcs.287.5},
   journal={Electronic Proceedings in Theoretical Computer Science},
   publisher={Open Publishing Association},
   author={Fagan, Andrew and Duncan, Ross},
   year={2019},
   month=jan, pages={85–105} 
}
@article{Duncan2020graphtheoretic,
  doi = {10.22331/q-2020-06-04-279},
  url = {https://doi.org/10.22331/q-2020-06-04-279},
  title = {Graph-theoretic {S}implification of {Q}uantum {C}ircuits with the {ZX}-calculus},
  author = {Duncan, Ross and Kissinger, Aleks and Perdrix, Simon and van de Wetering, John},
  journal = {{Quantum}},
  issn = {2521-327X},
  publisher = {{Verein zur F{\"{o}}rderung des Open Access Publizierens in den Quantenwissenschaften}},
  volume = {4},
  pages = {279},
  month = jun,
  year = {2020}
}

@misc{kissinger2020pyzx,
      title={PyZX: Large Scale Automated Diagrammatic Reasoning}, 
      author={Aleks Kissinger and John van de Wetering},
      year={2020},
      eprint={1904.04735},
      archivePrefix={arXiv},
      primaryClass={quant-ph}
}

@inproceedings{https://doi.org/10.4230/lipics.icalp.2022.119,
  doi = {10.4230/LIPICS.ICALP.2022.119},
  
  url = {https://drops.dagstuhl.de/entities/document/10.4230/LIPIcs.ICALP.2022.119},
  
  author = {de Beaudrap, Niel and Kissinger, Aleks and van de Wetering, John},
  
  keywords = {ZX-calculus, circuit extraction, quantum circuits, #P, Theory of computation → Quantum computation theory},
  
  language = {en},
  
  title = {Circuit Extraction for ZX-Diagrams Can Be #P-Hard},
  
  publisher = {Schloss Dagstuhl – Leibniz-Zentrum für Informatik},
  
  year = {2022},
  
  copyright = {Creative Commons Attribution 4.0 International license}
}
@article{Turing1936-TUROCN,
	author = {Alan Turing},
	doi = {10.2307/2268810},
	journal = {Proceedings of the London Mathematical Society},
	number = {1},
	pages = {230--265},
	publisher = {Association for Symbolic Logic},
	title = {On Computable Numbers, with an Application to the Entscheidungsproblem},
	volume = {42},
	year = {1936}
}
@article{Benioff1980TheCA,
  title={The computer as a physical system: A microscopic quantum mechanical Hamiltonian model of computers as represented by Turing machines},
  author={Paul Benioff},
  journal={Journal of Statistical Physics},
  year={1980},
  volume={22},
  pages={563-591},
  url={https://api.semanticscholar.org/CorpusID:122949592}
}
@article{Feynman1982-FEYSPW,
	author = {R. P. Feynman},
	journal = {International Journal of Theoretical Physics},
	number = {6},
	pages = {467--488},
	title = {Simulating Physics with Computers},
	volume = {21},
	year = {1982}
}
@article{Deutsch1985QuantumTT,
  title={Quantum theory, the Church–Turing principle and the universal quantum computer},
  author={David Deutsch},
  journal={Proceedings of the Royal Society of London. A. Mathematical and Physical Sciences},
  year={1985},
  volume={400},
  pages={117 - 97},
  url={https://api.semanticscholar.org/CorpusID:1438116}
}
@article{Deutsch1992RapidSO,
  title={Rapid solution of problems by quantum computation},
  author={David Deutsch and Richard Jozsa},
  journal={Proceedings of the Royal Society of London. Series A: Mathematical and Physical Sciences},
  year={1992},
  volume={439},
  pages={553 - 558},
  url={https://api.semanticscholar.org/CorpusID:121702767}
}
@INPROCEEDINGS{365700,

  author={Shor, P.W.},

  booktitle={Proceedings 35th Annual Symposium on Foundations of Computer Science}, 

  title={Algorithms for quantum computation: discrete logarithms and factoring}, 

  year={1994},

  volume={},

  number={},

  pages={124-134},

  doi={10.1109/SFCS.1994.365700}
}
@misc{grover1996fast,
      title={A fast quantum mechanical algorithm for database search}, 
      author={Lov K. Grover},
      year={1996},
      eprint={quant-ph/9605043},
      archivePrefix={arXiv},
      primaryClass={quant-ph}
}

@article{Biamonte_2017,
   title={Quantum machine learning},
   volume={549},
   ISSN={1476-4687},
   url={http://dx.doi.org/10.1038/nature23474},
   DOI={10.1038/nature23474},
   number={7671},
   journal={Nature},
   publisher={Springer Science and Business Media LLC},
   author={Biamonte, Jacob and Wittek, Peter and Pancotti, Nicola and Rebentrost, Patrick and Wiebe, Nathan and Lloyd, Seth},
   year={2017},
   month=sep, pages={195–202} }

@article{McClean_2018,
   title={Barren plateaus in quantum neural network training landscapes},
   volume={9},
   ISSN={2041-1723},
   url={http://dx.doi.org/10.1038/s41467-018-07090-4},
   DOI={10.1038/s41467-018-07090-4},
   number={1},
   journal={Nature Communications},
   publisher={Springer Science and Business Media LLC},
   author={McClean, Jarrod R. and Boixo, Sergio and Smelyanskiy, Vadim N. and Babbush, Ryan and Neven, Hartmut},
   year={2018},
   month=nov }

@article{Zhao_2021,
   title={Analyzing the barren plateau phenomenon in training quantum neural networks with the ZX-calculus},
   volume={5},
   ISSN={2521-327X},
   url={http://dx.doi.org/10.22331/q-2021-06-04-466},
   DOI={10.22331/q-2021-06-04-466},
   journal={Quantum},
   publisher={Verein zur Forderung des Open Access Publizierens in den Quantenwissenschaften},
   author={Zhao, Chen and Gao, Xiao-Shan},
   year={2021},
   month=jun, pages={466} }

@article{lmcs:6532,
  TITLE = {{Completeness of the ZX-Calculus}},
  AUTHOR = {Emmanuel Jeandel and Simon Perdrix and Renaud Vilmart},
  URL = {https://lmcs.episciences.org/6532},
  DOI = {10.23638/LMCS-16(2:11)2020},
  JOURNAL = {{Logical Methods in Computer Science}},
  VOLUME = {{Volume 16, Issue 2}},
  YEAR = {2020},
  MONTH = Jun,
  KEYWORDS = {Quantum Physics ; Computer Science - Logic in Computer Science},
}
@article{Kissinger_2020,
   title={PyZX: Large Scale Automated Diagrammatic Reasoning},
   volume={318},
   ISSN={2075-2180},
   url={http://dx.doi.org/10.4204/EPTCS.318.14},
   DOI={10.4204/eptcs.318.14},
   journal={Electronic Proceedings in Theoretical Computer Science},
   publisher={Open Publishing Association},
   author={Kissinger, Aleks and van de Wetering, John},
   year={2020},
   month=may, pages={229–241} }

